<?xml version="1.0" encoding="UTF-8"?><record xmlns="http://www.loc.gov/MARC21/slim" xmlns:cinclude="http://apache.org/cocoon/include/1.0" xmlns:zs="http://www.loc.gov/zing/srw/">
  <leader>00400nz  a2200133n  4500</leader>
  <controlfield tag="001">no2006117581</controlfield>
  <controlfield tag="003">DLC</controlfield>
  <controlfield tag="005">20061104075128.0</controlfield>
  <controlfield tag="008">061024n| acannaabn          |n ana     c</controlfield>
  <datafield tag="010" ind1=" " ind2=" ">
    <subfield code="a">no2006117581</subfield>
  </datafield>
  <datafield tag="035" ind1=" " ind2=" ">
    <subfield code="a">(OCoLC)oca07097505</subfield>
  </datafield>
  <datafield tag="040" ind1=" " ind2=" ">
    <subfield code="a">OBgU-MA</subfield>
    <subfield code="b">eng</subfield>
    <subfield code="c">OBgU-MA</subfield>
  </datafield>
  <datafield tag="110" ind1="2" ind2=" ">
    <subfield code="a">Romantic Gorilla (Musical group)</subfield>
  </datafield>
  <datafield tag="670" ind1=" " ind2=" ">
    <subfield code="a">Spazz (Musical group). Spazz. Romantic Gorilla [SR] 1994:</subfield>
    <subfield code="b">label (Romantic Gorilla)</subfield>
  </datafield>
</record>